@article{ Escoffier2007,
	author = {{Escoffier, R. P.} and {Comoretto, G.} and {Webber, J. C.} and {Baudry, A.} and {Broadwell, C. M.} and {Greenberg, J. H.} and {Treacy, R. R.} and {Cais, P.} and {Quertier, B.} and {Camino, P.} and {Bos, A.} and {t, A. W. Gun}},
	title = {The {ALMA} correlator},
	DOI= "10.1051/0004-6361:20054519",
	url= "http://dx.doi.org/10.1051/0004-6361:20054519",
	journal = {A\&A},
	year = 2007,
	volume = 462,
	number = 2,
	pages = "801-810",
	month = "",
}
